
    <record>
        <controlfield tag="001">4</controlfield>
        <datafield ind1=" " ind2=" " tag="970">
            <subfield code="a">9999XXXX..xxxxxxxx4</subfield>
        </datafield>
        <datafield ind1=" " ind2=" " tag="245">
            <subfield code="a">no-sky data survey with q'i values 5" 1025.456 degrees</subfield>
        </datafield>
        <datafield ind1=" " ind2=" " tag="520">
            <subfield code="a">no-sky data survey with q'i values 5" 1025.456 degrees is talking inside abstract</subfield>
        </datafield>
    </record>