
    <record>
        <controlfield tag="001">9218541</controlfield>
        <controlfield tag="005">20120813160455.0</controlfield>
        <datafield ind1=" " ind2=" " tag="035">
            <subfield code="a">2012yCat..35369089G</subfield>
            <subfield code="2">ADS bibcode</subfield>
            <subfield code="7">ADS metadata</subfield>
        </datafield>
        <datafield ind1=" " ind2=" " tag="100">
            <subfield code="a">Girardi, M.</subfield>
            <subfield code="b">Girardi, M</subfield>
            <subfield code="e">regular</subfield>
            <subfield code="7">SIMBAD</subfield>
            <!-- MODIFIED: added for email testing -->
            <subfield code="m">mgirardi@example.edu</subfield>"
  </datafield>
        <datafield ind1=" " ind2=" " tag="245">
            <subfield code="a">g'r'i' and redshift of Abell 2254 galaxies (Girardi+, 2011)</subfield>
            <subfield code="7">SIMBAD</subfield>
        </datafield>
        <datafield ind1=" " ind2=" " tag="260">
            <subfield code="c">2012-02-00</subfield>
            <subfield code="t">date-published</subfield>
            <subfield code="7">SIMBAD</subfield>
        </datafield>
        <datafield ind1=" " ind2=" " tag="260">
            <subfield code="c">2012-02-00</subfield>
            <subfield code="t">main-date</subfield>
            <subfield code="7">ADS metadata</subfield>
        </datafield>
        <datafield ind1=" " ind2=" " tag="500">
            <subfield code="a">table1.dat 128x60 Velocity catalog of 128 spectroscopically measured; galaxies in the field of the cluster A2254</subfield>
            <subfield code="7">SIMBAD</subfield>
            <subfield code="9">SIMBAD</subfield>
        </datafield>
        <datafield ind1=" " ind2=" " tag="520">
            <subfield code="a">Multi-object spectroscopic observations of A2254 were carried out at the TNG telescope in May and October 2009 and in March 2010.Our photometric observations were carried out with the Wide Field Camera (WFC), mounted at the prime focus of the 2.5m INT telescope. We observed A2254 in g', r', and i' SDSS filters in photometric conditions and a seeing of ~1.6".Subaru Suprime-Cam data were retrieved from the SMOKA archive (http://smoka.nao.ac.jp/SUPsearch).(1 data file).</subfield>
            <subfield code="7">SIMBAD</subfield>
        </datafield>
        <datafield ind1=" " ind2=" " tag="591">
            <subfield code="a">2011A&amp;A...536A..89G</subfield>
            <subfield code="c">Source Paper</subfield>
            <subfield code="7">ADS metadata</subfield>
        </datafield>
        <datafield ind1=" " ind2=" " tag="591">
            <subfield code="a">2012yCat..35369089G</subfield>
            <subfield code="c">Catalog Description</subfield>
            <subfield code="7">ADS metadata</subfield>
        </datafield>
        <datafield ind1="1" ind2=" " tag="653">
            <subfield code="a">Clusters: galaxy</subfield>
            <subfield code="b"/>
            <subfield code="7">SIMBAD</subfield>
        </datafield>
        <datafield ind1="1" ind2=" " tag="653">
            <subfield code="a">Galaxies: photometry</subfield>
            <subfield code="b">galaxies photometry</subfield>
            <subfield code="7">SIMBAD</subfield>
        </datafield>
        <datafield ind1="1" ind2=" " tag="653">
            <subfield code="a">Photometry: SDSS</subfield>
            <subfield code="b"/>
            <subfield code="7">SIMBAD</subfield>
        </datafield>
        <datafield ind1="1" ind2=" " tag="653">
            <subfield code="a">Radial velocities</subfield>
            <subfield code="b"/>
            <subfield code="7">SIMBAD</subfield>
        </datafield>
        <datafield ind1=" " ind2=" " tag="700">
            <subfield code="a">Bardelli, S.</subfield>
            <subfield code="b">Bardelli, S</subfield>
            <subfield code="e">regular</subfield>
            <subfield code="7">SIMBAD</subfield>
        </datafield>
        <datafield ind1=" " ind2=" " tag="700">
            <subfield code="a">Barrena, R.</subfield>
            <subfield code="b">Barrena, R</subfield>
            <subfield code="e">regular</subfield>
            <subfield code="7">SIMBAD</subfield>
        </datafield>
        <datafield ind1=" " ind2=" " tag="700">
            <subfield code="a">Boschin, W.</subfield>
            <subfield code="b">Boschin, W</subfield>
            <subfield code="e">regular</subfield>
            <subfield code="7">SIMBAD</subfield>
        </datafield>
        <datafield ind1=" " ind2=" " tag="700">
            <subfield code="a">Gastaldello, F.</subfield>
            <subfield code="b">Gastaldello, F</subfield>
            <subfield code="e">regular</subfield>
            <subfield code="7">SIMBAD</subfield>
        </datafield>
        <datafield ind1=" " ind2=" " tag="700">
            <subfield code="a">Nonino, M.</subfield>
            <subfield code="b">Nonino, M</subfield>
            <subfield code="e">regular</subfield>
            <subfield code="7">SIMBAD</subfield>
        </datafield>
        <datafield ind1=" " ind2=" " tag="773">
            <subfield code="p">VizieR Online Data Catalog</subfield>
            <subfield code="v">353</subfield>
            <subfield code="c">69089</subfield>
            <subfield code="y">2012</subfield>
            <subfield code="z">VizieR On-line Data Catalog: J/A+A/536/A89. Originally published in: 2011A&amp;A...536A..89G</subfield>
            <subfield code="7">SIMBAD</subfield>
        </datafield>
        <datafield ind1="4" ind2=" " tag="856">
            <subfield code="u">http://$VIZIER$/viz-bin/VizieR?-source=J/A+A/536/A89</subfield>
            <subfield code="y"/>
            <subfield code="3">data</subfield>
            <subfield code="7">ADS metadata</subfield>
        </datafield>
        <datafield ind1="4" ind2=" " tag="856">
            <subfield code="u">http://adsabs.harvard.edu/abs/2012yCat..35369089G</subfield>
            <subfield code="y"/>
            <subfield code="3">ADSlink</subfield>
            <subfield code="7">ADS metadata</subfield>
        </datafield>
        <datafield ind1=" " ind2=" " tag="961">
            <subfield code="c">2012-04-24T10:36:03</subfield>
            <subfield code="x">2012-04-24T10:36:03</subfield>
            <subfield code="7">SIMBAD</subfield>
        </datafield>
        <datafield ind1=" " ind2=" " tag="970">
            <subfield code="a">2012yCat..35369089G</subfield>
            <subfield code="7">ADS metadata</subfield>
        </datafield>
        <datafield ind1=" " ind2=" " tag="980">
            <subfield code="a">ASTRONOMY</subfield>
            <subfield code="7">ADS metadata</subfield>
        </datafield>
        <datafield ind1=" " ind2=" " tag="980">
            <subfield code="p">NONARTICLE</subfield>
            <subfield code="7">ADS metadata</subfield>
        </datafield>
        <datafield ind1=" " ind2=" " tag="980">
            <subfield code="p">CATALOG</subfield>
            <subfield code="7">ADS metadata</subfield>
        </datafield>
        <datafield ind1=" " ind2=" " tag="995">
            <subfield code="a">{"abs":[{"p":"/proj/ads/abstracts/ast/text/R13/R13-18093.abs","primary":1,"t":"1335278163"}],"links":{"associated":[{"t":"Source Paper","u":"2011A&amp;A...536A..89G"},{"t":"Catalog Description","u":"2012yCat..35369089G"}],"data":[{"u":"http://$VIZIER$/viz-bin/VizieR?-source=J/A+A/536/A89"}]},"prop":["nonarticle"]}</subfield>
            <subfield code="7">ADS metadata</subfield>
        </datafield>
    </record>