
    <record>
        <controlfield tag="001">5979890</controlfield>
        <controlfield tag="005">20120810141009.0</controlfield>
        <datafield tag="024" ind1="7" ind2=" ">
            <subfield code="a">10.1103/RevModPhys.74.47</subfield>
            <subfield code="2">DOI</subfield>
            <subfield code="7">APS</subfield>
        </datafield>
        <datafield tag="035" ind1=" " ind2=" ">
            <subfield code="z">2001test.mat..6096A</subfield>
            <subfield code="2">test bibcode</subfield>
            <subfield code="7">ADS metadata</subfield>
        </datafield>
        <datafield tag="035" ind1=" " ind2=" ">
            <subfield code="y">2001cond.mat..6096A</subfield>
            <subfield code="2">eprint bibcode</subfield>
            <subfield code="7">ADS metadata</subfield>
        </datafield>
        <datafield tag="035" ind1=" " ind2=" ">
            <subfield code="a">cond-mat/0106096</subfield>
            <subfield code="2">arXiv</subfield>
            <subfield code="7">ADS metadata</subfield>
        </datafield>
        <datafield tag="035" ind1=" " ind2=" ">
            <subfield code="a">2002RvMP...74...47A</subfield>
            <subfield code="2">ADS bibcode</subfield>
            <subfield code="7">ADS metadata</subfield>
        </datafield>
        <datafield tag="100" ind1=" " ind2=" ">
            <subfield code="a">Albert, Réka</subfield>
            <subfield code="b">Albert, R</subfield>
            <subfield code="e">regular</subfield>
            <subfield code="u">Department of Physics, University of Notre Dame, Notre Dame, Indiana 46556</subfield>
            <subfield code="7">APS</subfield>
        </datafield>
        <datafield tag="245" ind1=" " ind2=" ">
            <subfield code="a">Statistical mechanics of complex networks</subfield>
            <subfield code="7">APS</subfield>
        </datafield>
        <datafield tag="260" ind1=" " ind2=" ">
            <subfield code="c">2002-01-00</subfield>
            <subfield code="t">date-published</subfield>
            <subfield code="7">APS</subfield>
        </datafield>
        <datafield tag="260" ind1=" " ind2=" ">
            <subfield code="c">2001-06-00</subfield>
            <subfield code="t">date-preprint</subfield>
            <subfield code="7">ARXIV</subfield>
        </datafield>
        <datafield tag="260" ind1=" " ind2=" ">
            <subfield code="c">2002-01-00</subfield>
            <subfield code="t">main-date</subfield>
            <subfield code="7">ADS metadata</subfield>
        </datafield>
        <datafield tag="500" ind1=" " ind2=" ">
            <subfield code="a">54 pages, submitted to Reviews of Modern Physics; Reviews of Modern Physics 74, 47 (2002); doi:10.1103/RevModPhys.74.47</subfield>
            <subfield code="7">ARXIV</subfield>
            <subfield code="9">ADS</subfield>
        </datafield>
        <datafield tag="520" ind1=" " ind2=" ">
            <subfield code="a">Complex networks describe a wide range of systems in nature and society. Frequently cited examples include the cell, a network of chemicals linked by chemical reactions, and the Internet, a network of routers and computers connected by physical links. While traditionally these systems have been modeled as random graphs, it is increasingly recognized that the topology and evolution of real networks are governed by robust organizing principles. This article reviews the recent advances in the field of complex networks, focusing on the statistical mechanics of network topology and dynamics. After reviewing the empirical data that motivated the recent interest in networks, the authors discuss the main models and analytical tools, covering random graphs, small-world and scale-free networks, the emerging theory of evolving networks, and the interplay between topology and the network's robustness against failures and attacks.</subfield>
            <subfield code="7">APS</subfield>
        </datafield>
        <datafield tag="650" ind1="1" ind2="7">
            <subfield code="a">Condensed Matter - Statistical Mechanics</subfield>
            <subfield code="7">ARXIV</subfield>
        </datafield>
        <datafield tag="695" ind1=" " ind2=" ">
            <subfield code="a">05.20.-y</subfield>
            <subfield code="b"></subfield>
            <subfield code="2">PACS Codes</subfield>
            <subfield code="7">APS</subfield>
        </datafield>
        <datafield tag="695" ind1=" " ind2=" ">
            <subfield code="a">89.20.Hh</subfield>
            <subfield code="b"></subfield>
            <subfield code="2">PACS Codes</subfield>
            <subfield code="7">APS</subfield>
        </datafield>
        <datafield tag="695" ind1=" " ind2=" ">
            <subfield code="a">05.40.-a</subfield>
            <subfield code="b"></subfield>
            <subfield code="2">PACS Codes</subfield>
            <subfield code="7">APS</subfield>
        </datafield>
        <datafield tag="695" ind1=" " ind2=" ">
            <subfield code="a">01.30.Vv</subfield>
            <subfield code="b"></subfield>
            <subfield code="2">PACS Codes</subfield>
            <subfield code="7">APS</subfield>
        </datafield>
        <datafield tag="695" ind1=" " ind2=" ">
            <subfield code="a">02.10.-v</subfield>
            <subfield code="b"></subfield>
            <subfield code="2">PACS Codes</subfield>
            <subfield code="7">APS</subfield>
        </datafield>
        <datafield tag="695" ind1=" " ind2=" ">
            <subfield code="a">02.40.Pc</subfield>
            <subfield code="b"></subfield>
            <subfield code="2">PACS Codes</subfield>
            <subfield code="7">APS</subfield>
        </datafield>
        <datafield tag="695" ind1=" " ind2=" ">
            <subfield code="a">02.50.-r</subfield>
            <subfield code="b"></subfield>
            <subfield code="2">PACS Codes</subfield>
            <subfield code="7">APS</subfield>
        </datafield>
        <datafield tag="695" ind1=" " ind2=" ">
            <subfield code="a">82.20.Wt</subfield>
            <subfield code="b"></subfield>
            <subfield code="2">PACS Codes</subfield>
            <subfield code="7">APS</subfield>
        </datafield>
        <datafield tag="695" ind1=" " ind2=" ">
            <subfield code="a">Classical statistical mechanics</subfield>
            <subfield code="b"></subfield>
            <subfield code="2">PACS</subfield>
            <subfield code="7">APS</subfield>
        </datafield>
        <datafield tag="695" ind1=" " ind2=" ">
            <subfield code="a">World Wide Web</subfield>
            <subfield code="b"></subfield>
            <subfield code="2">PACS</subfield>
            <subfield code="7">APS</subfield>
        </datafield>
        <datafield tag="695" ind1=" " ind2=" ">
            <subfield code="a">Internet</subfield>
            <subfield code="b"></subfield>
            <subfield code="2">PACS</subfield>
            <subfield code="7">APS</subfield>
        </datafield>
        <datafield tag="695" ind1=" " ind2=" ">
            <subfield code="a">Fluctuation phenomena</subfield>
            <subfield code="b"></subfield>
            <subfield code="2">PACS</subfield>
            <subfield code="7">APS</subfield>
        </datafield>
        <datafield tag="695" ind1=" " ind2=" ">
            <subfield code="a">random processes</subfield>
            <subfield code="b"></subfield>
            <subfield code="2">PACS</subfield>
            <subfield code="7">APS</subfield>
        </datafield>
        <datafield tag="695" ind1=" " ind2=" ">
            <subfield code="a">noise</subfield>
            <subfield code="b"></subfield>
            <subfield code="2">PACS</subfield>
            <subfield code="7">APS</subfield>
        </datafield>
        <datafield tag="695" ind1=" " ind2=" ">
            <subfield code="a">and Brownian motion</subfield>
            <subfield code="b"></subfield>
            <subfield code="2">PACS</subfield>
            <subfield code="7">APS</subfield>
        </datafield>
        <datafield tag="695" ind1=" " ind2=" ">
            <subfield code="a">Book reviews</subfield>
            <subfield code="b">book reviews</subfield>
            <subfield code="2">PACS</subfield>
            <subfield code="7">APS</subfield>
        </datafield>
        <datafield tag="695" ind1=" " ind2=" ">
            <subfield code="a">Logic</subfield>
            <subfield code="b"></subfield>
            <subfield code="2">PACS</subfield>
            <subfield code="7">APS</subfield>
        </datafield>
        <datafield tag="695" ind1=" " ind2=" ">
            <subfield code="a">set theory</subfield>
            <subfield code="b"></subfield>
            <subfield code="2">PACS</subfield>
            <subfield code="7">APS</subfield>
        </datafield>
        <datafield tag="695" ind1=" " ind2=" ">
            <subfield code="a">and algebra</subfield>
            <subfield code="b"></subfield>
            <subfield code="2">PACS</subfield>
            <subfield code="7">APS</subfield>
        </datafield>
        <datafield tag="695" ind1=" " ind2=" ">
            <subfield code="a">General topology</subfield>
            <subfield code="b"></subfield>
            <subfield code="2">PACS</subfield>
            <subfield code="7">APS</subfield>
        </datafield>
        <datafield tag="695" ind1=" " ind2=" ">
            <subfield code="a">Probability theory</subfield>
            <subfield code="b"></subfield>
            <subfield code="2">PACS</subfield>
            <subfield code="7">APS</subfield>
        </datafield>
        <datafield tag="695" ind1=" " ind2=" ">
            <subfield code="a">stochastic processes</subfield>
            <subfield code="b">stochastic processes</subfield>
            <subfield code="2">PACS</subfield>
            <subfield code="7">APS</subfield>
        </datafield>
        <datafield tag="695" ind1=" " ind2=" ">
            <subfield code="a">and statistics</subfield>
            <subfield code="b"></subfield>
            <subfield code="2">PACS</subfield>
            <subfield code="7">APS</subfield>
        </datafield>
        <datafield tag="695" ind1=" " ind2=" ">
            <subfield code="a">Computational modeling; simulation</subfield>
            <subfield code="b"></subfield>
            <subfield code="2">PACS</subfield>
            <subfield code="7">APS</subfield>
        </datafield>
        <datafield tag="695" ind1=" " ind2=" ">
            <subfield code="a">Condensed Matter - Statistical Mechanics</subfield>
            <subfield code="b"></subfield>
            <subfield code="2">arXiv</subfield>
            <subfield code="7">ARXIV</subfield>
        </datafield>
        <datafield tag="695" ind1=" " ind2=" ">
            <subfield code="a">Condensed Matter - Disordered Systems and Neural Networks</subfield>
            <subfield code="b"></subfield>
            <subfield code="2">arXiv</subfield>
            <subfield code="7">ARXIV</subfield>
        </datafield>
        <datafield tag="695" ind1=" " ind2=" ">
            <subfield code="a">Computer Science - Networking and Internet Architecture</subfield>
            <subfield code="b"></subfield>
            <subfield code="2">arXiv</subfield>
            <subfield code="7">ARXIV</subfield>
        </datafield>
        <datafield tag="695" ind1=" " ind2=" ">
            <subfield code="a">Mathematical Physics</subfield>
            <subfield code="b"></subfield>
            <subfield code="2">arXiv</subfield>
            <subfield code="7">ARXIV</subfield>
        </datafield>
        <datafield tag="695" ind1=" " ind2=" ">
            <subfield code="a">Nonlinear Sciences - Adaptation and Self-Organizing Systems</subfield>
            <subfield code="b"></subfield>
            <subfield code="2">arXiv</subfield>
            <subfield code="7">ARXIV</subfield>
        </datafield>
        <datafield tag="695" ind1=" " ind2=" ">
            <subfield code="a">Physics - Data Analysis</subfield>
            <subfield code="b"></subfield>
            <subfield code="2">arXiv</subfield>
            <subfield code="7">ARXIV</subfield>
        </datafield>
        <datafield tag="695" ind1=" " ind2=" ">
            <subfield code="a">Statistics and Probability</subfield>
            <subfield code="b"></subfield>
            <subfield code="2">arXiv</subfield>
            <subfield code="7">ARXIV</subfield>
        </datafield>
        <datafield tag="700" ind1=" " ind2=" ">
            <subfield code="a">Barabási, Albert-László</subfield>
            <subfield code="b">Barabasi, A</subfield>
            <subfield code="e">regular</subfield>
            <subfield code="u">Department of Physics, University of Notre Dame, Notre Dame, Indiana 46556</subfield>
            <subfield code="7">APS</subfield>
        </datafield>
        <datafield tag="773" ind1=" " ind2=" ">
            <subfield code="p">Reviews of Modern Physics</subfield>
            <subfield code="v">74</subfield>
            <subfield code="n">1</subfield>
            <subfield code="c">47-97</subfield>
            <subfield code="y">2002</subfield>
            <subfield code="z">Reviews of Modern Physics, vol. 74, Issue 1, pp. 47-97</subfield>
            <subfield code="7">APS</subfield>
        </datafield>
        <datafield tag="856" ind1="4" ind2=" ">
            <subfield code="u">http://link.aps.org/doi/10.1103/RevModPhys.74.47</subfield>
            <subfield code="y"></subfield>
            <subfield code="3">electr</subfield>
            <subfield code="7">ADS metadata</subfield>
        </datafield>
        <datafield tag="856" ind1="4" ind2=" ">
            <subfield code="u">http://adsabs.harvard.edu/abs/2002RvMP...74...47A</subfield>
            <subfield code="y"></subfield>
            <subfield code="3">ADSlink</subfield>
            <subfield code="7">ADS metadata</subfield>
        </datafield>
        <datafield tag="961" ind1=" " ind2=" ">
            <subfield code="c">2010-05-25T06:37:33</subfield>
            <subfield code="x">2012-01-22T22:40:58</subfield>
            <subfield code="7">ISI</subfield>
        </datafield>
        <datafield tag="970" ind1=" " ind2=" ">
            <subfield code="a">2002RvMP...74...47A</subfield>
            <subfield code="7">ADS metadata</subfield>
        </datafield>
        <datafield tag="980" ind1=" " ind2=" ">
            <subfield code="a">PHYSICS</subfield>
            <subfield code="7">ADS metadata</subfield>
        </datafield>
        <datafield tag="980" ind1=" " ind2=" ">
            <subfield code="p">REFEREED</subfield>
            <subfield code="7">ADS metadata</subfield>
        </datafield>
        <datafield tag="980" ind1=" " ind2=" ">
            <subfield code="p">ARTICLE</subfield>
            <subfield code="7">ADS metadata</subfield>
        </datafield>
        <datafield tag="980" ind1=" " ind2=" ">
            <subfield code="b">PhysEd</subfield>
            <subfield code="7">ADS metadata</subfield>
        </datafield>
        <datafield tag="995" ind1=" " ind2=" ">
            <subfield code="a">{"abs":[{"p":"/proj/ads/abstracts/phy/text/J02/J02-21159.abs","primary":1,"t":"1274783853"}],"full":[{"p":"/proj/ads/fulltext/extracted/20/02/Rv/MP/,,/,7/4,/,,/47/A//fulltext.txt","t":1329871314}],"links":{"electr":[{"u":"http://link.aps.org/doi/10.1103/RevModPhys.74.47"}],"preprint":[{"u":"cond-mat/0106096"}]},"prop":["bibgroup: PhysEd","refereed"],"refs":[{"p":"/proj/ads/references/resolved/ISI/RvMP/RvMP0074.isi.pairs.result","t":1302281666},{"p":"/proj/ads/references/resolved/RvMP/0074/2002RvMP...74...47A.ref.xml.result","t":1199184428}]}</subfield>
            <subfield code="7">ADS metadata</subfield>
        </datafield>
        <datafield tag="999" ind1="C" ind2="5">
            <subfield code="i">2001PhRvE..63a6117D</subfield>
            <subfield code="e">1</subfield>
            <subfield code="f">APS</subfield>
            <subfield code="b">&lt;ref citid="C63">&lt;article>&lt;refauth>Dodds, P. S.&lt;/refauth>, and &lt;refauth>D. H. Rothman&lt;/refauth>, &lt;date>2001c&lt;/date>, &lt;journal>Phys. Rev. E&lt;/journal>&lt;volume>63&lt;/volume>, &lt;pages>016117&lt;/pages>.&lt;/article>&lt;/ref></subfield>
            <subfield code="7">APS</subfield>
        </datafield>
        <datafield tag="999" ind1="C" ind2="5">
            <subfield code="b">&lt;ref citid="C133">&lt;article>&lt;refauth>Lawrence, S.&lt;/refauth>, and &lt;refauth>C. L. Giles&lt;/refauth>, &lt;date>1998&lt;/date>, &lt;journal>Science&lt;/journal>&lt;volume>280&lt;/volume>, &lt;pages>98&lt;/pages>.&lt;/article>&lt;/ref></subfield>
            <!-- MODIFIED: removed to test filtering of non-verified references
            <subfield code="e">1</subfield>
             -->
            <subfield code="f">ISI</subfield>
            <subfield code="i">1998Sci...280...98L</subfield>
            <subfield code="7">ISI</subfield>
        </datafield>
        <datafield tag="999" ind1="C" ind2="5">
            <subfield code="i">2001nlin......4016H</subfield>
            <subfield code="r">arxiv: nlin/0104016</subfield>
            <subfield code="e">1</subfield>
            <subfield code="f">APS</subfield>
            <subfield code="b">&lt;ref citid="C104">&lt;misc>Hornquist, M., 2001, preprint nlin.AO/0104016.&lt;/misc>&lt;/ref></subfield>
            <subfield code="7">APS</subfield>
        </datafield>
    </record>