
    <record>
        <controlfield tag="001">12</controlfield>
        <datafield ind1=" " ind2=" " tag="970">
            <subfield code="a">2002RvMP....74...12</subfield>
        </datafield>
        <datafield ind1=" " ind2=" " tag="245">
            <subfield code="a">Test of citation query - 12:</subfield>
        </datafield>
    </record>