
    <record>
        <controlfield tag="001">15</controlfield>
        <datafield ind1=" " ind2=" " tag="970">
            <subfield code="a">2002RvMP....74...15</subfield>
        </datafield>
        <datafield ind1=" " ind2=" " tag="245">
            <subfield code="a">Test of citation query - 15:11,12,13</subfield>
        </datafield>
        <datafield ind1="C" ind2="5" tag="999">
            <subfield code="i">2002RvMP....74...11</subfield>
        </datafield>
        <datafield ind1="C" ind2="5" tag="999">
            <subfield code="i">2002RvMP....74...12</subfield>
        </datafield>
        <datafield ind1="C" ind2="5" tag="999">
            <subfield code="i">2002RvMP....74...13</subfield>
        </datafield>
    </record>