
    <record>
  <controlfield tag="001">9143768</controlfield>
  <controlfield tag="005">20121217122355.0</controlfield>
  <datafield tag="024" ind1="7" ind2=" ">
    <subfield code="a">10.1088/0004-637X/760/2/135</subfield>
    <subfield code="2">DOI</subfield>
    <subfield code="7">IOP</subfield>
  </datafield>
  <datafield tag="035" ind1=" " ind2=" ">
    <subfield code="y">2012arXiv1210.5163R</subfield>
    <subfield code="2">eprint bibcode</subfield>
    <subfield code="7">ADS metadata</subfield>
  </datafield>
  <datafield tag="035" ind1=" " ind2=" ">
    <subfield code="a">arXiv:1210.5163</subfield>
    <subfield code="2">arXiv</subfield>
    <subfield code="7">ADS metadata</subfield>
  </datafield>
  <datafield tag="035" ind1=" " ind2=" ">
    <subfield code="a">2012ApJ...760..135R</subfield>
    <subfield code="2">ADS bibcode</subfield>
    <subfield code="7">ADS metadata</subfield>
  </datafield>
  <datafield tag="100" ind1=" " ind2=" ">
    <subfield code="a">Roberts, T. P.</subfield>
    <subfield code="b">Roberts, T</subfield>
    <subfield code="e">regular</subfield>
    <subfield code="u">Department of Physics, Durham University, South Road, Durham DH1 3LE, UK</subfield>
    <subfield code="m">t.p.roberts@durham.ac.uk</subfield>
    <subfield code="7">IOP</subfield>
  </datafield>
  <datafield tag="245" ind1=" " ind2=" ">
    <subfield code="a">A Variable Ultraluminous X-Ray Source in a Globular Cluster in NGC 4649</subfield>
    <subfield code="7">IOP</subfield>
  </datafield>
  <datafield tag="260" ind1=" " ind2=" ">
    <!-- originally was 2012-12-00 -->
    <subfield code="c">2012-12-02</subfield>
    <subfield code="t">date-published</subfield>
    <subfield code="7">IOP</subfield>
  </datafield>
  <datafield tag="260" ind1=" " ind2=" ">
    <subfield code="c">2012-10-00</subfield>
    <subfield code="t">date-preprint</subfield>
    <subfield code="7">ARXIV</subfield>
  </datafield>
  <datafield tag="260" ind1=" " ind2=" ">
    <!-- originally was 2012-12-00 -->
    <subfield code="c">2012-12-02</subfield>
    <subfield code="t">main-date</subfield>
    <subfield code="7">ADS metadata</subfield>
  </datafield>
  <datafield tag="300" ind1=" " ind2=" ">
    <subfield code="a">7</subfield>
    <subfield code="7">IOP</subfield>
  </datafield>
  <datafield tag="500" ind1=" " ind2=" ">
    <subfield code="a">7 pages, 4 figures, accepted for publication in ApJ</subfield>
    <subfield code="7">ARXIV</subfield>
    <subfield code="9">ADS</subfield>
  </datafield>
  <datafield tag="520" ind1=" " ind2=" ">
    <subfield code="a">We report the discovery of a new ultraluminous X-ray source associated with a globular cluster in the elliptical galaxy NGC 4649. The X-ray source was initially detected with a luminosity below 5 × 10&lt;SUP&gt;38&lt;/SUP&gt; erg s&lt;SUP&gt;-1&lt;/SUP&gt;, but in subsequent observations 7 and 11 years later it had brightened substantially to 2-3 × 10&lt;SUP&gt;39&lt;/SUP&gt; erg s&lt;SUP&gt;-1&lt;/SUP&gt;. Over the course of six separate observations it displayed significant spectral variability, in both continuum slope and absorption column. Short-term variability in the X-ray flux was also present in at least one observation. The properties of this object appear consistent with a stellar-mass black hole accreting at super-Eddington rates (i.e., in the ultraluminous accretion state), although a highly super-Eddington neutron star cannot be excluded. The coincidence of an increase in absorption column with a possible enhancement in short-term variability in at least one observation is suggestive of a clumpy, radiatively driven wind crossing our line of sight to the object.</subfield>
    <subfield code="7">IOP</subfield>
  </datafield>
  <datafield tag="650" ind1="1" ind2="7">
    <subfield code="a">Astrophysics - High Energy Astrophysical Phenomena</subfield>
    <subfield code="7">ARXIV</subfield>
  </datafield>
  <datafield tag="695" ind1=" " ind2=" ">
    <subfield code="a">globular clusters: general</subfield>
    <subfield code="b">clusters globular</subfield>
    <subfield code="2">Astronomy</subfield>
    <subfield code="7">IOP</subfield>
  </datafield>
  <datafield tag="695" ind1=" " ind2=" ">
    <subfield code="a">X-rays: binaries</subfield>
    <subfield code="b">astronomy x rays</subfield>
    <subfield code="2">Astronomy</subfield>
    <subfield code="7">IOP</subfield>
  </datafield>
  <datafield tag="695" ind1=" " ind2=" ">
    <subfield code="a">X-rays: galaxies</subfield>
    <subfield code="b">astronomy x rays</subfield>
    <subfield code="2">Astronomy</subfield>
    <subfield code="7">IOP</subfield>
  </datafield>
  <datafield tag="695" ind1=" " ind2=" ">
    <subfield code="a">Astrophysics - High Energy Astrophysical Phenomena</subfield>
    <subfield code="b"></subfield>
    <subfield code="2">arXiv</subfield>
    <subfield code="7">ARXIV</subfield>
  </datafield>
  <datafield tag="700" ind1=" " ind2=" ">
    <subfield code="a">Fabbiano, G.</subfield>
    <subfield code="b">Fabbiano, G</subfield>
    <subfield code="e">regular</subfield>
    <subfield code="u">Harvard-Smithsonian Center for Astrophysics, 60 Garden Street, Cambridge, MA 02138, USA</subfield>
    <subfield code="7">IOP</subfield>
  </datafield>
  <datafield tag="700" ind1=" " ind2=" ">
    <subfield code="a">Luo, B.</subfield>
    <subfield code="b">Luo, B</subfield>
    <subfield code="e">regular</subfield>
    <subfield code="u">Harvard-Smithsonian Center for Astrophysics, 60 Garden Street, Cambridge, MA 02138, USA</subfield>
    <subfield code="7">IOP</subfield>
  </datafield>
  
  <datafield tag="773" ind1=" " ind2=" ">
    <subfield code="p">The Astrophysical Journal</subfield>
    <subfield code="v">760</subfield>
    <subfield code="n">2x</subfield>
    <subfield code="c">135</subfield>
    <subfield code="y">2012</subfield>
    <subfield code="z">The Astrophysical Journal, Volume 760, Issue 2, article id. 135, &lt;NUMPAGES&gt;7&lt;/NUMPAGES&gt; pp. (2012).</subfield>
    <subfield code="7">IOP</subfield>
  </datafield>
  <datafield tag="856" ind1="4" ind2=" ">
    <subfield code="u">http://$SIMBAD$/simbo.pl?bibcode=2012ApJ...760..135R</subfield>
    <subfield code="y"></subfield>
    <subfield code="3">simbad</subfield>
    <subfield code="5">1</subfield>
    <subfield code="7">ADS metadata</subfield>
  </datafield>
  <datafield tag="856" ind1="4" ind2=" ">
    <subfield code="u">http://stacks.iop.org/0004-637X/760/135/pdf</subfield>
    <subfield code="y"></subfield>
    <subfield code="3">pdf</subfield>
    <subfield code="7">ADS metadata</subfield>
  </datafield>
  <datafield tag="856" ind1="4" ind2=" ">
    <subfield code="u">http://archive.stsci.edu/mastbibref.php?bibcode=2012ApJ...760..135R</subfield>
    <subfield code="y">MAST References (HST)</subfield>
    <subfield code="3">data</subfield>
    <subfield code="7">ADS metadata</subfield>
  </datafield>
  <datafield tag="856" ind1="4" ind2=" ">
    <subfield code="u">http://archives.esac.esa.int/hst/cgi-bin/bibbridge?2012ApJ...760..135R</subfield>
    <subfield code="y">HST Proposal (ST-ECF)</subfield>
    <subfield code="3">data</subfield>
    <subfield code="7">ADS metadata</subfield>
  </datafield>
  <datafield tag="856" ind1="4" ind2=" ">
    <subfield code="u">http://cda.harvard.edu/chaser/ocatList.do?obsid=14328,8182,12976,8507,785,12975</subfield>
    <subfield code="y">Chandra Data Archive ObsIds 14328, 8182, 12976, 8507, 785, 12975</subfield>
    <subfield code="3">data</subfield>
    <subfield code="7">ADS metadata</subfield>
  </datafield>
  <datafield tag="856" ind1="4" ind2=" ">
    <subfield code="u">http://stacks.iop.org/0004-637X/760/135</subfield>
    <subfield code="y"></subfield>
    <subfield code="3">electr</subfield>
    <subfield code="7">ADS metadata</subfield>
  </datafield>
  <datafield tag="856" ind1="4" ind2=" ">
    <subfield code="u">http://adsabs.harvard.edu/abs/2012ApJ...760..135R</subfield>
    <subfield code="y"></subfield>
    <subfield code="3">ADSlink</subfield>
    <subfield code="7">ADS metadata</subfield>
  </datafield>
  <datafield tag="961" ind1=" " ind2=" ">
    <subfield code="c">2012-12-14T18:26:15</subfield>
    <subfield code="x">2012-12-15T05:05:27</subfield>
    <subfield code="7">IOP</subfield>
  </datafield>
  <datafield tag="970" ind1=" " ind2=" ">
    <subfield code="a">2012ApJ...760..135R</subfield>
    <subfield code="7">ADS metadata</subfield>
  </datafield>
  <datafield tag="980" ind1=" " ind2=" ">
    <subfield code="a">ASTRONOMY</subfield>
    <subfield code="7">ADS metadata</subfield>
  </datafield>
  <datafield tag="980" ind1=" " ind2=" ">
    <subfield code="p">REFEREED</subfield>
    <subfield code="7">ADS metadata</subfield>
  </datafield>
  <datafield tag="980" ind1=" " ind2=" ">
    <subfield code="p">ARTICLE</subfield>
    <subfield code="7">ADS metadata</subfield>
  </datafield>
  <datafield tag="980" ind1=" " ind2=" ">
    <subfield code="b">CXC</subfield>
    <subfield code="7">ADS metadata</subfield>
  </datafield>
  <datafield tag="980" ind1=" " ind2=" ">
    <subfield code="b">CfA</subfield>
    <subfield code="7">ADS metadata</subfield>
  </datafield>
  <datafield tag="980" ind1=" " ind2=" ">
    <subfield code="b">HST</subfield>
    <subfield code="7">ADS metadata</subfield>
  </datafield>
  <datafield tag="980" ind1=" " ind2=" ">
    <subfield code="s">CDS</subfield>
    <subfield code="7">ADS metadata</subfield>
  </datafield>
  <datafield tag="980" ind1=" " ind2=" ">
    <subfield code="s">CXO</subfield>
    <subfield code="7">ADS metadata</subfield>
  </datafield>
  <datafield tag="980" ind1=" " ind2=" ">
    <subfield code="s">ESA</subfield>
    <subfield code="7">ADS metadata</subfield>
  </datafield>
  <datafield tag="980" ind1=" " ind2=" ">
    <subfield code="s">HST</subfield>
    <subfield code="7">ADS metadata</subfield>
  </datafield>
  <datafield tag="980" ind1=" " ind2=" ">
    <subfield code="s">MAST</subfield>
    <subfield code="7">ADS metadata</subfield>
  </datafield>
  <datafield tag="995" ind1=" " ind2=" ">
    <subfield code="a">{"abs":[{"p":"/proj/ads/abstracts/ast/text/K15/K15-57668.abs","primary":1,"t":"1355527575"},{"p":"/proj/ads/abstracts/ast/text/R15/R15-57668.abs","t":"1355527575"}],"full":[{"p":"/proj/ads/fulltext/extracted/20/12/Ap/J,/,,/76/0,/,1/35/R//acknowledgements.txt","t":1354565063},{"p":"/proj/ads/fulltext/extracted/20/12/Ap/J,/,,/76/0,/,1/35/R//fulltext.txt","t":1354565063}],"links":{"data":[{"t":"MAST References (HST)","u":"http://archive.stsci.edu/mastbibref.php?bibcode=2012ApJ...760..135R"},{"t":"HST Proposal (ST-ECF)","u":"http://archives.esac.esa.int/hst/cgi-bin/bibbridge?2012ApJ...760..135R"},{"t":"Chandra Data Archive ObsIds 14328, 8182, 12976, 8507, 785, 12975","u":"http://cda.harvard.edu/chaser/ocatList.do?obsid=14328,8182,12976,8507,785,12975"}],"electr":[{"u":"http://stacks.iop.org/0004-637X/760/135"}],"pdf":[{"u":"http://stacks.iop.org/0004-637X/760/135/pdf"}],"preprint":[{"u":"1210.5163"}],"simbad":[{"c":"1","u":"http://$SIMBAD$/simbo.pl?bibcode=2012ApJ...760..135R"}]},"prop":["bibgroup: CXC","bibgroup: CfA","bibgroup: HST","refereed"],"refs":[{"p":"/proj/ads/references/resolved/ApJ/0760/iss2.iop.xml.result","t":1355565927}]}</subfield>
    <subfield code="7">ADS metadata</subfield>
  </datafield>
  <datafield tag="999" ind1="C" ind2="5">
    <subfield code="i">2010MNRAS.407.2611P</subfield>
    <subfield code="e">1</subfield>
    <subfield code="f">IOP;UCP</subfield>
    <subfield code="b">&lt;reference type="journal"&gt;&lt;ref_citation&gt;Peacock, M. B., Maccarone, T. J., Kundu, A., __amp__amp; Zepf, S. E. 2010, MNRAS, 407, 2611&lt;/ref_citation&gt;&lt;ref_doi&gt;10.1111/j.1365-2966.2010.17119.x&lt;/ref_doi&gt;&lt;ref_authors&gt;Peacock, M. B., Maccarone, T. J., Kundu, A., __amp__amp; Zepf, S. E.&lt;/ref_authors&gt;&lt;ref_journal&gt;MNRAS&lt;/ref_journal&gt;&lt;ref_issn&gt;0035-8711&lt;/ref_issn&gt;&lt;ref_volume&gt;407&lt;/ref_volume&gt;&lt;ref_year&gt;2010&lt;/ref_year&gt;&lt;ref_start_page&gt;2611&lt;/ref_start_page&gt;&lt;/reference&gt;</subfield>
    <subfield code="w">iop.xml</subfield>
    <subfield code="7">IOP;UCP</subfield>
  </datafield>
  <datafield tag="999" ind1="C" ind2="5">
    <subfield code="i">2009ApJ...694..556B</subfield>
    <subfield code="e">1</subfield>
    <subfield code="f">IOP;UCP</subfield>
    <subfield code="b">&lt;reference type="journal"&gt;&lt;ref_citation&gt;Blakeslee, J. P., Jord__amp__#225;n, A., __amp__amp; Mei, S. et al. 2009, ApJ, 694, 556&lt;/ref_citation&gt;&lt;ref_doi&gt;10.1088/0004-637X/694/1/556&lt;/ref_doi&gt;&lt;ref_authors&gt;Blakeslee, J. P., Jord__amp__#225;n, A., __amp__amp; Mei, S. et al.&lt;/ref_authors&gt;&lt;ref_journal&gt;ApJ&lt;/ref_journal&gt;&lt;ref_issn&gt;0004-637X&lt;/ref_issn&gt;&lt;ref_volume&gt;694&lt;/ref_volume&gt;&lt;ref_artnum&gt;556&lt;/ref_artnum&gt;&lt;ref_year&gt;2009&lt;/ref_year&gt;&lt;ref_start_page&gt;556&lt;/ref_start_page&gt;&lt;/reference&gt;</subfield>
    <subfield code="w">iop.xml</subfield>
    <subfield code="7">IOP;UCP</subfield>
  </datafield>
  <datafield tag="999" ind1="C" ind2="5">
    <subfield code="i">2004ApJS..154..519S</subfield>
    <subfield code="e">1</subfield>
    <subfield code="f">IOP;UCP</subfield>
    <subfield code="b">&lt;reference type="journal"&gt;&lt;ref_citation&gt;Swartz, D. A., Ghosh, K. K., Tennant, A. F., __amp__amp; Wu, K. 2004, ApJS, 154, 519&lt;/ref_citation&gt;&lt;ref_doi&gt;10.1086/422842&lt;/ref_doi&gt;&lt;ref_authors&gt;Swartz, D. A., Ghosh, K. K., Tennant, A. F., __amp__amp; Wu, K.&lt;/ref_authors&gt;&lt;ref_journal&gt;ApJS&lt;/ref_journal&gt;&lt;ref_issn&gt;0067-0049&lt;/ref_issn&gt;&lt;ref_volume&gt;154&lt;/ref_volume&gt;&lt;ref_artnum&gt;519&lt;/ref_artnum&gt;&lt;ref_year&gt;2004&lt;/ref_year&gt;&lt;ref_start_page&gt;519&lt;/ref_start_page&gt;&lt;/reference&gt;</subfield>
    <subfield code="w">iop.xml</subfield>
    <subfield code="7">IOP;UCP</subfield>
  </datafield>
</record>