
<record>
  <controlfield tag="001">9311214</controlfield>
  <controlfield tag="005">20121210235858.0</controlfield>
  <datafield tag="020" ind1=" " ind2=" ">
    <subfield code="a">9780819491534</subfield>
    <subfield code="7">SPIE</subfield>
  </datafield>
  <datafield tag="024" ind1="7" ind2=" ">
    <subfield code="a">10.1117/12.927057</subfield>
    <subfield code="2">DOI</subfield>
    <subfield code="7">SPIE</subfield>
  </datafield>
  <datafield tag="035" ind1=" " ind2=" ">
    <subfield code="y">2012arXiv1210.7877A</subfield>
    <subfield code="2">eprint bibcode</subfield>
    <subfield code="7">ADS metadata</subfield>
  </datafield>
  <datafield tag="035" ind1=" " ind2=" ">
    <subfield code="a">arXiv:1210.7877</subfield>
    <subfield code="2">arXiv</subfield>
    <subfield code="7">ADS metadata</subfield>
  </datafield>
  <datafield tag="035" ind1=" " ind2=" ">
    <subfield code="a">2012SPIE.8452E..1DA</subfield>
    <subfield code="2">ADS bibcode</subfield>
    <subfield code="7">ADS metadata</subfield>
  </datafield>
  <datafield tag="100" ind1=" " ind2=" ">
    <subfield code="a">Arnold, K.</subfield>
    <subfield code="b">Arnold, K</subfield>
    <subfield code="e">regular</subfield>
    <subfield code="u">Univ. of California, Berkeley (United States)</subfield>
    <subfield code="7">SPIE</subfield>
  </datafield>
  <datafield tag="245" ind1=" " ind2=" ">
    <subfield code="a">The bolometric focal plane array of the POLARBEAR CMB experiment</subfield>
    <subfield code="7">SPIE</subfield>
  </datafield>
  <datafield tag="260" ind1=" " ind2=" ">
    <subfield code="c">2012-09-00</subfield>
    <subfield code="t">date-published</subfield>
    <subfield code="7">SPIE</subfield>
  </datafield>
  <datafield tag="260" ind1=" " ind2=" ">
    <subfield code="c">2012-10-00</subfield>
    <subfield code="t">date-preprint</subfield>
    <subfield code="7">ARXIV</subfield>
  </datafield>
  <datafield tag="260" ind1=" " ind2=" ">
    <subfield code="c">2012-09-00</subfield>
    <subfield code="t">main-date</subfield>
    <subfield code="7">ADS metadata</subfield>
  </datafield>
  <datafield tag="500" ind1=" " ind2=" ">
    <subfield code="a">ISBN: &lt;ISBN&gt;9780819491534&lt;/ISBN&gt;</subfield>
    <subfield code="7">SPIE</subfield>
    <subfield code="9">ADS</subfield>
  </datafield>
  <datafield tag="500" ind1=" " ind2=" ">
    <subfield code="a">Millimeter, Submillimeter, and Far-Infrared Detectors and Instrumentation for Astronomy VI. Proceedings of SPIE Volume 8452. 2012</subfield>
    <subfield code="7">ARXIV</subfield>
    <subfield code="9">ADS</subfield>
  </datafield>
  <datafield tag="520" ind1=" " ind2=" ">
    <subfield code="a">The POLARBEAR Cosmic Microwave Background (CMB) polarization experiment is currently observing from the Atacama Desert in Northern Chile. It will characterize the expected B-mode polarization due to gravitational lensing of the CMB, and search for the possible B-mode signature of inflationary gravitational waves. Its 250 mK focal plane detector array consists of 1,274 polarization-sensitive antenna-coupled bolometers, each with an associated lithographed band-defining filter. Each detector’s planar antenna structure is coupled to the telescope’s optical system through a contacting dielectric lenslet, an architecture unique in current CMB experiments. We present the initial characterization of this focal plane.</subfield>
    <subfield code="7">SPIE</subfield>
  </datafield>
  <datafield tag="542" ind1=" " ind2=" ">
    <subfield code="a">(c) 2012: SPIE. Downloading of the abstract is permitted for personal use only.</subfield>
    <subfield code="7">SPIE</subfield>
  </datafield>
  <datafield tag="650" ind1="1" ind2="7">
    <subfield code="a">Astrophysics - Instrumentation and Methods for Astrophysics</subfield>
    <subfield code="7">ARXIV</subfield>
  </datafield>
  <datafield tag="695" ind1=" " ind2=" ">
    <subfield code="a">Astrophysics - Instrumentation and Methods for Astrophysics</subfield>
    <subfield code="b"></subfield>
    <subfield code="2">arXiv</subfield>
    <subfield code="7">ARXIV</subfield>
  </datafield>
  <datafield tag="695" ind1=" " ind2=" ">
    <subfield code="a">Astrophysics - Cosmology and Extragalactic Astrophysics</subfield>
    <subfield code="b"></subfield>
    <subfield code="2">arXiv</subfield>
    <subfield code="7">ARXIV</subfield>
  </datafield>
  <datafield tag="700" ind1=" " ind2=" ">
    <subfield code="a">Ade, P. A. R.</subfield>
    <subfield code="b">Ade, P</subfield>
    <subfield code="e">regular</subfield>
    <subfield code="u">Cardiff Univ. (United Kingdom)</subfield>
    <subfield code="7">SPIE</subfield>
  </datafield>
  <datafield tag="700" ind1=" " ind2=" ">
    <subfield code="a">Anthony, A. E.</subfield>
    <subfield code="b">Anthony, A</subfield>
    <subfield code="e">regular</subfield>
    <subfield code="u">Univ. of Colorado at Boulder (United States)</subfield>
    <subfield code="7">SPIE</subfield>
  </datafield>
  <datafield tag="700" ind1=" " ind2=" ">
    <subfield code="a">Barron, D.</subfield>
    <subfield code="b">Barron, D</subfield>
    <subfield code="e">regular</subfield>
    <subfield code="u">Univ. of California, San Diego (United States)</subfield>
    <subfield code="7">SPIE</subfield>
  </datafield>
  <datafield tag="700" ind1=" " ind2=" ">
    <subfield code="a">Boettger, D.</subfield>
    <subfield code="b">Boettger, D</subfield>
    <subfield code="e">regular</subfield>
    <subfield code="u">Univ. of California, San Diego (United States)</subfield>
    <subfield code="7">SPIE</subfield>
  </datafield>
  <datafield tag="700" ind1=" " ind2=" ">
    <subfield code="a">Borrill, J.</subfield>
    <subfield code="b">Borrill, J</subfield>
    <subfield code="e">regular</subfield>
    <subfield code="u">Lawrence Berkeley National Lab. (United States)</subfield>
    <subfield code="7">SPIE</subfield>
  </datafield>
  <datafield tag="700" ind1=" " ind2=" ">
    <subfield code="a">Chapman, S.</subfield>
    <subfield code="b">Chapman, S</subfield>
    <subfield code="e">regular</subfield>
    <subfield code="u">Dalhousie Univ. (Canada)</subfield>
    <subfield code="7">SPIE</subfield>
  </datafield>
  <datafield tag="700" ind1=" " ind2=" ">
    <subfield code="a">Chinone, Y.</subfield>
    <subfield code="b">Chinone, Y</subfield>
    <subfield code="e">regular</subfield>
    <subfield code="u">High Energy Accelerator Research Organization (Japan)</subfield>
    <subfield code="7">SPIE</subfield>
  </datafield>
  <datafield tag="700" ind1=" " ind2=" ">
    <subfield code="a">Dobbs, M. A.</subfield>
    <subfield code="b">Dobbs, M</subfield>
    <subfield code="e">regular</subfield>
    <subfield code="u">McGill Univ. (Canada)</subfield>
    <subfield code="7">SPIE</subfield>
  </datafield>
  <datafield tag="700" ind1=" " ind2=" ">
    <subfield code="a">Errard, J.</subfield>
    <subfield code="b">Errard, J</subfield>
    <subfield code="e">regular</subfield>
    <subfield code="u">Lab. Astroparticule et Cosmologie, CNRS, Univ. Paris 7 (France)</subfield>
    <subfield code="7">SPIE</subfield>
  </datafield>
  <datafield tag="700" ind1=" " ind2=" ">
    <subfield code="a">Fabbian, G.</subfield>
    <subfield code="b">Fabbian, G</subfield>
    <subfield code="e">regular</subfield>
    <subfield code="u">Lab. Astroparticule et Cosmologie, CNRS, Univ. Paris 7 (France)</subfield>
    <subfield code="7">SPIE</subfield>
  </datafield>
  <datafield tag="700" ind1=" " ind2=" ">
    <subfield code="a">Flanigan, D.</subfield>
    <subfield code="b">Flanigan, D</subfield>
    <subfield code="e">regular</subfield>
    <subfield code="u">Univ. of California, Berkeley (United States)</subfield>
    <subfield code="7">SPIE</subfield>
  </datafield>
  <datafield tag="700" ind1=" " ind2=" ">
    <subfield code="a">Fuller, G.</subfield>
    <subfield code="b">Fuller, G</subfield>
    <subfield code="e">regular</subfield>
    <subfield code="u">Univ. of California, San Diego (United States)</subfield>
    <subfield code="7">SPIE</subfield>
  </datafield>
  <datafield tag="700" ind1=" " ind2=" ">
    <subfield code="a">Ghribi, A.</subfield>
    <subfield code="b">Ghribi, A</subfield>
    <subfield code="e">regular</subfield>
    <subfield code="u">Univ. of California, Berkeley (United States)</subfield>
    <subfield code="7">SPIE</subfield>
  </datafield>
  <datafield tag="700" ind1=" " ind2=" ">
    <subfield code="a">Grainger, W.</subfield>
    <subfield code="b">Grainger, W</subfield>
    <subfield code="e">regular</subfield>
    <subfield code="u">Science and Technology Facilities Council (United Kingdom)</subfield>
    <subfield code="7">SPIE</subfield>
  </datafield>
  <datafield tag="700" ind1=" " ind2=" ">
    <subfield code="a">Halverson, N.</subfield>
    <subfield code="b">Halverson, N</subfield>
    <subfield code="e">regular</subfield>
    <subfield code="u">Univ. of Colorado at Boulder (United States)</subfield>
    <subfield code="7">SPIE</subfield>
  </datafield>
  <datafield tag="700" ind1=" " ind2=" ">
    <subfield code="a">Hasegawa, M.</subfield>
    <subfield code="b">Hasegawa, M</subfield>
    <subfield code="e">regular</subfield>
    <subfield code="u">High Energy Accelerator Research Organization (Japan)</subfield>
    <subfield code="7">SPIE</subfield>
  </datafield>
  <datafield tag="700" ind1=" " ind2=" ">
    <subfield code="a">Hattori, K.</subfield>
    <subfield code="b">Hattori, K</subfield>
    <subfield code="e">regular</subfield>
    <subfield code="u">High Energy Accelerator Research Organization (Japan)</subfield>
    <subfield code="7">SPIE</subfield>
  </datafield>
  <datafield tag="700" ind1=" " ind2=" ">
    <subfield code="a">Hazumi, M.</subfield>
    <subfield code="b">Hazumi, M</subfield>
    <subfield code="e">regular</subfield>
    <subfield code="u">High Energy Accelerator Research Organization (Japan)</subfield>
    <subfield code="7">SPIE</subfield>
  </datafield>
  <datafield tag="700" ind1=" " ind2=" ">
    <subfield code="a">Holzapfel, W. L.</subfield>
    <subfield code="b">Holzapfel, W</subfield>
    <subfield code="e">regular</subfield>
    <subfield code="u">Univ. of California, Berkeley (United States)</subfield>
    <subfield code="7">SPIE</subfield>
  </datafield>
  <datafield tag="700" ind1=" " ind2=" ">
    <subfield code="a">Howard, J.</subfield>
    <subfield code="b">Howard, J</subfield>
    <subfield code="e">regular</subfield>
    <subfield code="u">Univ. of California, Berkeley (United States)</subfield>
    <subfield code="7">SPIE</subfield>
  </datafield>
  <datafield tag="700" ind1=" " ind2=" ">
    <subfield code="a">Hyland, P.</subfield>
    <subfield code="b">Hyland, P</subfield>
    <subfield code="e">regular</subfield>
    <subfield code="u">Austin College (United States)</subfield>
    <subfield code="7">SPIE</subfield>
  </datafield>
  <datafield tag="700" ind1=" " ind2=" ">
    <subfield code="a">Jaffe, A.</subfield>
    <subfield code="b">Jaffe, A</subfield>
    <subfield code="e">regular</subfield>
    <subfield code="u">Lawrence Berkeley National Lab. (United States)</subfield>
    <subfield code="7">SPIE</subfield>
  </datafield>
  <datafield tag="700" ind1=" " ind2=" ">
    <subfield code="a">Keating, B.</subfield>
    <subfield code="b">Keating, B</subfield>
    <subfield code="e">regular</subfield>
    <subfield code="u">Univ. of California, San Diego (United States)</subfield>
    <subfield code="7">SPIE</subfield>
  </datafield>
  <datafield tag="700" ind1=" " ind2=" ">
    <subfield code="a">Kermish, Z.</subfield>
    <subfield code="b">Kermish, Z</subfield>
    <subfield code="e">regular</subfield>
    <subfield code="u">Univ. of California, Berkeley (United States)</subfield>
    <subfield code="7">SPIE</subfield>
  </datafield>
  <datafield tag="700" ind1=" " ind2=" ">
    <subfield code="a">Kisner, T.</subfield>
    <subfield code="b">Kisner, T</subfield>
    <subfield code="e">regular</subfield>
    <subfield code="u">Lawrence Berkeley National Lab. (United States)</subfield>
    <subfield code="7">SPIE</subfield>
  </datafield>
  <datafield tag="700" ind1=" " ind2=" ">
    <subfield code="a">Le Jeune, M.</subfield>
    <subfield code="b">Le Jeune, M</subfield>
    <subfield code="e">regular</subfield>
    <subfield code="u">Lab. Astroparticule et Cosmologie, CNRS, Univ. Paris 7 (France)</subfield>
    <subfield code="7">SPIE</subfield>
  </datafield>
  <datafield tag="700" ind1=" " ind2=" ">
    <subfield code="a">Lee, A. T.</subfield>
    <subfield code="b">Lee, A</subfield>
    <subfield code="e">regular</subfield>
    <subfield code="u">Univ. of California, Berkeley (United States)</subfield>
    <subfield code="7">SPIE</subfield>
  </datafield>
  <datafield tag="700" ind1=" " ind2=" ">
    <subfield code="a">Linder, E.</subfield>
    <subfield code="b">Linder, E</subfield>
    <subfield code="e">regular</subfield>
    <subfield code="u">Science and Technology Facilities Council (United Kingdom)</subfield>
    <subfield code="7">SPIE</subfield>
  </datafield>
  <datafield tag="700" ind1=" " ind2=" ">
    <subfield code="a">Lungu, M.</subfield>
    <subfield code="b">Lungu, M</subfield>
    <subfield code="e">regular</subfield>
    <subfield code="u">Univ. of California, Berkeley (United States)</subfield>
    <subfield code="7">SPIE</subfield>
  </datafield>
  <datafield tag="700" ind1=" " ind2=" ">
    <subfield code="a">Matsuda, F.</subfield>
    <subfield code="b">Matsuda, F</subfield>
    <subfield code="e">regular</subfield>
    <subfield code="u">Univ. of California, San Diego (United States)</subfield>
    <subfield code="7">SPIE</subfield>
  </datafield>
  <datafield tag="700" ind1=" " ind2=" ">
    <subfield code="a">Matsumura, T.</subfield>
    <subfield code="b">Matsumura, T</subfield>
    <subfield code="e">regular</subfield>
    <subfield code="u">High Energy Accelerator Research Organization (Japan)</subfield>
    <subfield code="7">SPIE</subfield>
  </datafield>
  <datafield tag="700" ind1=" " ind2=" ">
    <subfield code="a">Miller, N. J.</subfield>
    <subfield code="b">Miller, N</subfield>
    <subfield code="e">regular</subfield>
    <subfield code="u">Univ. of California, San Diego (United States)</subfield>
    <subfield code="7">SPIE</subfield>
  </datafield>
  <datafield tag="700" ind1=" " ind2=" ">
    <subfield code="a">Meng, X.</subfield>
    <subfield code="b">Meng, X</subfield>
    <subfield code="e">regular</subfield>
    <subfield code="u">Univ. of California, Berkeley (United States)</subfield>
    <subfield code="7">SPIE</subfield>
  </datafield>
  <datafield tag="700" ind1=" " ind2=" ">
    <subfield code="a">Morii, H.</subfield>
    <subfield code="b">Morii, H</subfield>
    <subfield code="e">regular</subfield>
    <subfield code="u">High Energy Accelerator Research Organization (Japan)</subfield>
    <subfield code="7">SPIE</subfield>
  </datafield>
  <datafield tag="700" ind1=" " ind2=" ">
    <subfield code="a">Moyerman, S.</subfield>
    <subfield code="b">Moyerman, S</subfield>
    <subfield code="e">regular</subfield>
    <subfield code="u">Univ. of California, San Diego (United States)</subfield>
    <subfield code="7">SPIE</subfield>
  </datafield>
  <datafield tag="700" ind1=" " ind2=" ">
    <subfield code="a">Myers, M. J.</subfield>
    <subfield code="b">Myers, M</subfield>
    <subfield code="e">regular</subfield>
    <subfield code="u">Univ. of California, Berkeley (United States)</subfield>
    <subfield code="7">SPIE</subfield>
  </datafield>
  <datafield tag="700" ind1=" " ind2=" ">
    <subfield code="a">Nishino, H.</subfield>
    <subfield code="b">Nishino, H</subfield>
    <subfield code="e">regular</subfield>
    <subfield code="u">Univ. of California, Berkeley (United States)</subfield>
    <subfield code="7">SPIE</subfield>
  </datafield>
  <datafield tag="700" ind1=" " ind2=" ">
    <subfield code="a">Paar, H.</subfield>
    <subfield code="b">Paar, H</subfield>
    <subfield code="e">regular</subfield>
    <subfield code="u">Univ. of California, San Diego (United States)</subfield>
    <subfield code="7">SPIE</subfield>
  </datafield>
  <datafield tag="700" ind1=" " ind2=" ">
    <subfield code="a">Quealy, E.</subfield>
    <subfield code="b">Quealy, E</subfield>
    <subfield code="e">regular</subfield>
    <subfield code="u">Univ. of California, Berkeley (United States)</subfield>
    <subfield code="7">SPIE</subfield>
  </datafield>
  <datafield tag="700" ind1=" " ind2=" ">
    <subfield code="a">Reichardt, C.</subfield>
    <subfield code="b">Reichardt, C</subfield>
    <subfield code="e">regular</subfield>
    <subfield code="u">Univ. of California, Berkeley (United States)</subfield>
    <subfield code="7">SPIE</subfield>
  </datafield>
  <datafield tag="700" ind1=" " ind2=" ">
    <subfield code="a">Richards, P. L.</subfield>
    <subfield code="b">Richards, P</subfield>
    <subfield code="e">regular</subfield>
    <subfield code="u">Univ. of California, Berkeley (United States)</subfield>
    <subfield code="7">SPIE</subfield>
  </datafield>
  <datafield tag="700" ind1=" " ind2=" ">
    <subfield code="a">Ross, C.</subfield>
    <subfield code="b">Ross, C</subfield>
    <subfield code="e">regular</subfield>
    <subfield code="u">Dalhousie Univ. (Canada)</subfield>
    <subfield code="7">SPIE</subfield>
  </datafield>
  <datafield tag="700" ind1=" " ind2=" ">
    <subfield code="a">Shimizu, A.</subfield>
    <subfield code="b">Shimizu, A</subfield>
    <subfield code="e">regular</subfield>
    <subfield code="u">High Energy Accelerator Research Organization (Japan)</subfield>
    <subfield code="7">SPIE</subfield>
  </datafield>
  <datafield tag="700" ind1=" " ind2=" ">
    <subfield code="a">Shimmin, C.</subfield>
    <subfield code="b">Shimmin, C</subfield>
    <subfield code="e">regular</subfield>
    <subfield code="u">Univ. of California, Berkeley (United States)</subfield>
    <subfield code="7">SPIE</subfield>
  </datafield>
  <datafield tag="700" ind1=" " ind2=" ">
    <subfield code="a">Shimon, M.</subfield>
    <subfield code="b">Shimon, M</subfield>
    <subfield code="e">regular</subfield>
    <subfield code="u">Univ. of California, San Diego (United States)</subfield>
    <subfield code="7">SPIE</subfield>
  </datafield>
  <datafield tag="700" ind1=" " ind2=" ">
    <subfield code="a">Sholl, M.</subfield>
    <subfield code="b">Sholl, M</subfield>
    <subfield code="e">regular</subfield>
    <subfield code="u">Lawrence Berkeley National Lab. (United States)</subfield>
    <subfield code="7">SPIE</subfield>
  </datafield>
  <datafield tag="700" ind1=" " ind2=" ">
    <subfield code="a">Siritanasak, P.</subfield>
    <subfield code="b">Siritanasak, P</subfield>
    <subfield code="e">regular</subfield>
    <subfield code="u">Univ. of California, San Diego (United States)</subfield>
    <subfield code="7">SPIE</subfield>
  </datafield>
  <datafield tag="700" ind1=" " ind2=" ">
    <subfield code="a">Spieler, H.</subfield>
    <subfield code="b">Spieler, H</subfield>
    <subfield code="e">regular</subfield>
    <subfield code="u">Lawrence Berkeley National Lab. (United States)</subfield>
    <subfield code="7">SPIE</subfield>
  </datafield>
  <datafield tag="700" ind1=" " ind2=" ">
    <subfield code="a">Stebor, N.</subfield>
    <subfield code="b">Stebor, N</subfield>
    <subfield code="e">regular</subfield>
    <subfield code="u">Univ. of California, San Diego (United States)</subfield>
    <subfield code="7">SPIE</subfield>
  </datafield>
  <datafield tag="700" ind1=" " ind2=" ">
    <subfield code="a">Steinbach, B.</subfield>
    <subfield code="b">Steinbach, B</subfield>
    <subfield code="e">regular</subfield>
    <subfield code="u">Univ. of California, Berkeley (United States)</subfield>
    <subfield code="7">SPIE</subfield>
  </datafield>
  <datafield tag="700" ind1=" " ind2=" ">
    <subfield code="a">Stompor, R.</subfield>
    <subfield code="b">Stompor, R</subfield>
    <subfield code="e">regular</subfield>
    <subfield code="u">Lab. Astroparticule et Cosmologie, CNRS, Univ. Paris 7 (France)</subfield>
    <subfield code="7">SPIE</subfield>
  </datafield>
  <datafield tag="700" ind1=" " ind2=" ">
    <subfield code="a">Suzuki, A.</subfield>
    <subfield code="b">Suzuki, A</subfield>
    <subfield code="e">regular</subfield>
    <subfield code="u">Univ. of California, Berkeley (United States)</subfield>
    <subfield code="7">SPIE</subfield>
  </datafield>
  <datafield tag="700" ind1=" " ind2=" ">
    <subfield code="a">Tomaru, T.</subfield>
    <subfield code="b">Tomaru, T</subfield>
    <subfield code="e">regular</subfield>
    <subfield code="u">High Energy Accelerator Research Organization (Japan)</subfield>
    <subfield code="7">SPIE</subfield>
  </datafield>
  <datafield tag="700" ind1=" " ind2=" ">
    <subfield code="a">Tucker, C.</subfield>
    <subfield code="b">Tucker, C</subfield>
    <subfield code="e">regular</subfield>
    <subfield code="u">Cardiff Univ. (United Kingdom)</subfield>
    <subfield code="7">SPIE</subfield>
  </datafield>
  <datafield tag="700" ind1=" " ind2=" ">
    <subfield code="a">Zahn, O.</subfield>
    <subfield code="b">Zahn, O</subfield>
    <subfield code="e">regular</subfield>
    <subfield code="u">Univ. of California, Berkeley (United States)</subfield>
    <subfield code="7">SPIE</subfield>
  </datafield>
  <datafield tag="773" ind1=" " ind2=" ">
    <subfield code="p">Society of Photo-Optical Instrumentation Engineers (SPIE) Conference Series</subfield>
    <subfield code="v">8452</subfield>
    <subfield code="i">84521</subfield>
    <subfield code="y">2012</subfield>
    <subfield code="z">Millimeter, Submillimeter, and Far-Infrared Detectors and Instrumentation for Astronomy VI. Proceedings of the SPIE, Volume 8452, id. 84521D-84521D-12 (2012).</subfield>
    <subfield code="7">SPIE</subfield>
  </datafield>
  <datafield tag="856" ind1="4" ind2=" ">
    <subfield code="u">http://dx.doi.org/10.1117%2F12.927057</subfield>
    <subfield code="y"></subfield>
    <subfield code="3">electr</subfield>
    <subfield code="7">ADS metadata</subfield>
  </datafield>
  <datafield tag="856" ind1="4" ind2=" ">
    <subfield code="u">http://adsabs.harvard.edu/abs/2012SPIE.8452E..1DA</subfield>
    <subfield code="y"></subfield>
    <subfield code="3">ADSlink</subfield>
    <subfield code="7">ADS metadata</subfield>
  </datafield>
  <datafield tag="961" ind1=" " ind2=" ">
    <subfield code="c">2012-11-09T23:48:21</subfield>
    <subfield code="x">2012-11-25T11:47:33</subfield>
    <subfield code="7">SPIE</subfield>
  </datafield>
  <datafield tag="970" ind1=" " ind2=" ">
    <subfield code="a">2012SPIE.8452E..1DA</subfield>
    <subfield code="7">ADS metadata</subfield>
  </datafield>
  <datafield tag="980" ind1=" " ind2=" ">
    <!-- changed from ASTRONOMY -->
    <subfield code="a">PHYSICS</subfield>
    <subfield code="7">ADS metadata</subfield>
  </datafield>
  <datafield tag="980" ind1=" " ind2=" ">
    <subfield code="p">NOT REFEREED</subfield>
    <subfield code="7">ADS metadata</subfield>
  </datafield>
  <datafield tag="980" ind1=" " ind2=" ">
    <subfield code="p">PROCEEDINGS</subfield>
    <subfield code="7">ADS metadata</subfield>
  </datafield>
  <datafield tag="995" ind1=" " ind2=" ">
    <subfield code="a">{"abs":[{"p":"/proj/ads/abstracts/ast/text/K15/K15-53577.abs","primary":1,"t":"1352522901"}],"full":[{"p":"/proj/ads/fulltext/extracted/20/12/SP/IE/,8/45/2E/,,/1D/A//fulltext.txt","t":1353359612}],"links":{"electr":[{"u":"http://dx.doi.org/10.1117%2F12.927057"}],"preprint":[{"u":"1210.7877"}]},"prop":["toc"]}</subfield>
    <subfield code="7">ADS metadata</subfield>
  </datafield>
  <datafield tag="999" ind1="C" ind2="5">
    <subfield code="e">5</subfield>
    <subfield code="f">ARXIV</subfield>
    <subfield code="b">Kermish, Z., Ade, P. A. R., Arnold, K., Anthony, A. E., Aubin, F., Boettger, D., Borrill, J., Cantalupo, C., Dobbs, M. A., Errand, J., Flanigan, D., Ghribia, A., Halverson, N., Hazumi, M., Holzapfel, W. L., Howard, J., Hyland, P., Jaffe, A., Keating, B., Kisner, T., Lee, A. T., Linder, E., Lungu, M., Matsumura, T., Miller, N., Meng, X., Myers, M., Nishino, H., O'Brient, R., O'Dea, D., Reichardt, C., Schanning, I., Shimizu, A., Shimmin, C., Shimon, M., Spieler, H., Steinbach, B., Stompor, R., Suzuki, A., Tomarui, T., Tran, H. T., Tucker, C., Quealy, E., Richards, P. L., and Zahn, O., "The Polarbear experiment," 8452, SPIE (Aug. 2012).</subfield>
    <subfield code="7">ARXIV</subfield>
  </datafield>
  <datafield tag="999" ind1="C" ind2="5">
    <subfield code="i">1982ITAP...30..535R</subfield>
    <subfield code="e">1</subfield>
    <subfield code="f">ARXIV</subfield>
    <subfield code="b">Rutledge, D. B. and Muha, M. S., "Imaging antenna arrays," "IEEE Transactions on Antennas and Propagation" 30, 535-540 (July 1982).</subfield>
    <subfield code="7">ARXIV</subfield>
  </datafield>
</record>