
<record>
  <controlfield tag="001">3673891</controlfield>
  <datafield tag="100" ind1=" " ind2=" ">
    <subfield code="a">Raiteri, C. M.</subfield>
    <subfield code="b">Raiteri, C</subfield>
    <subfield code="e">regular</subfield>
    <subfield code="7">APJ; KNUDSEN</subfield>
    <subfield code="u">Scuola Internazionale Superiore di Studi Avanzati, Trieste, Italy</subfield>
  </datafield>
  <datafield tag="245" ind1=" " ind2=" ">
    <subfield code="a">Test fulltext from mongo : S-Process Nucleosynthesis in Massive Stars and the Weak Component. II. Carbon Burning and Galactic Enrichment</subfield>
    <subfield code="7">APJ; KNUDSEN</subfield>
  </datafield>
  <datafield tag="970" ind1=" " ind2=" ">
    <subfield code="a">1991ApJ...371..665R</subfield>
    <subfield code="7">ADS metadata</subfield>
  </datafield>
</record>