
<record>
    <controlfield tag="001">50</controlfield>
    <datafield ind1=" " ind2=" " tag="970">
        <subfield code="a">1976AJ.....81...67S</subfield>
    </datafield>
    <datafield ind1=" " ind2=" " tag="245">
        <subfield code="a">MongoFieldsTest #1</subfield>
    </datafield>
</record>