
<record>
    <controlfield tag="001">51</controlfield>
    <datafield ind1=" " ind2=" " tag="970">
        <subfield code="a">2009arXiv0909.1287I</subfield>
    </datafield>
    <datafield ind1=" " ind2=" " tag="245">
        <subfield code="a">MongoFieldsTest #2</subfield>
    </datafield>
</record>