
<record>
    <controlfield tag="001">52</controlfield>
    <datafield ind1=" " ind2=" " tag="970">
        <subfield code="a">1987PhRvD..36..277B</subfield>
    </datafield>
    <datafield ind1=" " ind2=" " tag="245">
        <subfield code="a">MongoFieldsTest #3</subfield>
    </datafield>
</record>
</collection>
